<record><leader>00000cas a22000007a 4500</leader><controlfield tag="001">24464589</controlfield><controlfield tag="008">910927d18761878paucr ne      0    0eng d</controlfield><datafield ind1=" " ind2=" " tag="010"><subfield code="a">sn 91070091 </subfield></datafield><datafield ind1=" " ind2=" " tag="040"><subfield code="a">NPH</subfield><subfield code="b">eng</subfield><subfield code="c">NPH</subfield><subfield code="d">OCLCQ</subfield></datafield><datafield ind1=" " ind2=" " tag="042"><subfield code="a">msc</subfield></datafield><datafield ind1="0" ind2="0" tag="245"><subfield code="a">American Semi-weekly Republican.</subfield></datafield><datafield ind1="1" ind2="3" tag="246"><subfield code="a">Semi-weekly Republican</subfield></datafield><datafield ind1="1" ind2="7" tag="246"><subfield code="a">Semi-weekly American Republican</subfield></datafield><datafield ind1=" " ind2=" " tag="260"><subfield code="a">West Chester :</subfield><subfield code="b">E.B. Moore</subfield></datafield><datafield ind1=" " ind2=" " tag="300"><subfield code="a">v. :</subfield><subfield code="b">ill. (chiefly advertisements) ;</subfield><subfield code="c">59 cm.</subfield></datafield><datafield ind1=" " ind2=" " tag="310"><subfield code="a">Semiweekly</subfield></datafield><datafield ind1="1" ind2=" " tag="362"><subfield code="a">Began in 1876; ceased in 1878.</subfield></datafield><datafield ind1=" " ind2=" " tag="588"><subfield code="a">Description based on: July 29, 1876.</subfield></datafield><datafield ind1=" " ind2=" " tag="752"><subfield code="a">United States</subfield><subfield code="b">Pennsylvania</subfield><subfield code="c">Chester</subfield><subfield code="d">West Chester.</subfield></datafield><datafield ind1="0" ind2="0" tag="780"><subfield code="t">American Republican (West Chester Pa. : 1858)</subfield><subfield code="w">(DLC)sn 84026506</subfield></datafield></record>